<?xml version="1.0" encoding="UTF-8"?><collection xmlns="http://www.loc.gov/MARC21/slim"><record><leader>00354nam--2200133-i-4500</leader><controlfield tag="001">000026944</controlfield><controlfield tag="002">20161230</controlfield><controlfield tag="005">20161230201036</controlfield><controlfield tag="008">060222s1000------------r-----000-0-eng-d</controlfield><datafield ind1=" " ind2=" " tag="080"><subfield code="a">546.796</subfield></datafield><datafield ind1=" " ind2=" " tag="100"><subfield code="a">Kolar, D., Slivnik, J. And Volavsek, B</subfield></datafield><datafield ind1=" " ind2=" " tag="245"><subfield code="a">On the conversion of uf6 to uo2</subfield></datafield><datafield ind1=" " ind2=" " tag="260"><subfield code="a">Ljubljand, Nucleari Inst.Jozef Stefan.9p</subfield></datafield><datafield ind1=" " ind2=" " tag="852"><subfield code="a">8899</subfield></datafield></record></collection>